@article{serreze1999characteristics,
  title={Characteristics of the western United States snowpack from snowpack telemetry (SNOTEL) data},
  author={Serreze, Mark C and Clark, Martyn P and Armstrong, Richard L and McGinnis, David A and Pulwarty, Roger S},
  journal={Water Resources Research},
  volume={35},
  pages={2145--2160},
  year={1999},
  publisher={Wiley Online Library}
}

@article{brown2003gridded,
  title={Gridded North American monthly snow depth and snow water equivalent for GCM evaluation},
  author={Brown, Ross D and Brasnett, Bruce and Robinson, David},
  journal={Atmosphere-Ocean},
  volume={41},
  pages={1--14},
  year={2003},
  publisher={Taylor \& Francis}
}

@article{salomonson2006development,
  title={Development of the Aqua MODIS NDSI fractional snow cover algorithm and validation results},
  author={Salomonson, V and Appel, Igor},
  journal={Geoscience and Remote Sensing, IEEE Transactions on},
  volume={44},
  number={7},
  pages={1747--1756},
  year={2006},
  publisher={IEEE}
}

@article{thornton2012daymet,
  title={Daymet: Daily surface weather on a 1 km grid for North America, 1980-2008},
  author={Thornton, Peter E and Thornton, Michele M and Mayer, Benjamin W and Wilhelmi, Nate and Wei, Yaxing and Devarakonda, Ranjeet and Cook, R},
  journal={Oak Ridge National Laboratory (ORNL) Distributed Active Archive Center for Biogeochemical Dynamics (DAAC)},
  volume={1},
  year={2012}
}

@article{mesinger2006north,
  title={North American regional reanalysis},
  author={Mesinger, Fedor and DiMego, Geoff and Kalnay, Eugenia and Mitchell, Kenneth and Shafran, Perry C and Ebisuzaki, Wesley and Jovic, Du{\v{s}}an and Woollen, Jack and Rogers, Eric and Berbery, Ernesto H and others},
  journal={Bulletin of the American Meteorological Society},
  volume={87},
  pages={343--360},
  year={2006}
}

@article{saha2014ncep,
  title={The NCEP climate forecast system version 2},
  author={Saha, Suranjana and Moorthi, Shrinivas and Wu, Xingren and Wang, Jiande and Nadiga, Sudhir and Tripp, Patrick and Behringer, David and Hou, Yu-Tai and Chuang, Hui-ya and Iredell, Mark and others},
  journal={Journal of Climate},
  volume={27},
  pages={2185--2208},
  year={2014}
}

@article{zender2006netcdf,
  title={netCDF Operators (NCO) for analysis of self-describing gridded geoscience data},
  author={Zender, CS},
  journal={Submitted to Environ. Modell. Softw},
  year={2006}
}

@techreport{schulzweida2007cdo,
  title={CDO userâ€™s guide--Climate Data Operators},
  author={Schulzweida, U and Kornblueh, L and Quast, R},
  year={2007},
  institution={Version 1.0. 7, Tech. rep., online available at: www. mpimet. mpg. de/fileadmin/software/cdo}
}

@article{williams2009earth,
  title={The Earth System Grid: Enabling access to multimodel climate simulation data},
  author={Williams, Dean N and Drach, R and Ananthakrishnan, R and Foster, IT and Fraser, D and Siebenlist, F and Bernholdt, DE and Chen, M and Schwidder, J and Bharathi, S and others},
  journal={Bulletin of the American Meteorological Society},
  volume={90},
  pages={195--205},
  year={2009}
}

@article{taylor2010compatible,
  title={A compatible and conservative spectral element method on unstructured grids},
  author={Taylor, Mark A and Fournier, Aim{\'e}},
  journal={Journal of Computational Physics},
  volume={229},
  number={17},
  pages={5879--5895},
  year={2010},
  publisher={Elsevier}
}

@article{fournier2004spectral,
  title={The spectral element atmosphere model (SEAM): High-resolution parallel computation and localized resolution of regional dynamics},
  author={Fournier, Aim{\'e} and Taylor, Mark A and Tribbia, Joseph J},
  journal={Monthly Weather Review},
  volume={132},
  number={3},
  pages={726--748},
  year={2004}
}

@article{hurrell2013community,
  title={The community earth system model: a framework for collaborative research},
  author={Hurrell, James W and Holland, MM and Gent, PR and Ghan, S and Kay, Jennifer E and Kushner, PJ and Lamarque, J-F and Large, WG and Lawrence, D and Lindsay, K and others},
  journal={Bulletin of the American Meteorological Society},
  volume={94},
  number={9},
  pages={1339--1360},
  year={2013},
  publisher={American Meteorological Society}
}

@inproceedings{collins2013nonhydrostatic,
  title={Nonhydrostatic adaptive mesh dynamics for multiscale climate models},
  author={Collins, W and Johansen, H and McCorquodale, P and Colella, P and Ullrich, PA},
  booktitle={AGU Fall Meeting Abstracts},
  volume={1},
  pages={03},
  year={2013}
}

@article{ullrich2012mcore,
  title={MCore: A non-hydrostatic atmospheric dynamical core utilizing high-order finite-volume methods},
  author={Ullrich, Paul A and Jablonowski, Christiane},
  journal={Journal of Computational Physics},
  volume={231},
  number={15},
  pages={5078--5108},
  year={2012},
  publisher={Elsevier}
}

@article{ullrich2012operator,
  title={Operator-split Runge-Kutta-Rosenbrock methods for nonhydrostatic atmospheric models},
  author={Ullrich, Paul and Jablonowski, Christiane},
  journal={Monthly Weather Review},
  volume={140},
  number={4},
  pages={1257--1284},
  year={2012}
}

@article{ullrich2010high,
  title={High-order finite-volume methods for the shallow-water equations on the sphere},
  author={Ullrich, Paul A and Jablonowski, Christiane and Van Leer, Bram},
  journal={Journal of Computational Physics},
  volume={229},
  number={17},
  pages={6104--6134},
  year={2010},
  publisher={Elsevier}
}

@article{rutter2009SnowMIP2,
  title={SNOWMIP2: An evaluation of forest snow process simulations},
  author={Essery, Richard and Rutter, Nick and Pomeroy, John and Baxter, Robert and St{\"a}hli, Manfred and Gustafsson, David and Barr, Alan and Bartlett, Paul and Elder, Kelly},
  journal={Bulletin of the American Meteorological Society},
  volume={90},
  pages={1120--1135},
  year={2009}
}

@article{brownandmote2009,
  title={The response of northern hemisphere snow cover to a changing climate*},
  author={Brown, Ross D and Mote, Philip W},
  journal={Journal of Climate},
  volume={22},
  pages={2124--2145},
  year={2009}
}

@inproceedings{michalakes2001development,
  title={Development of a next generation regional weather research and forecast model},
  author={Michalakes, J and Chen, S and Dudhia, J and Hart, L and Klemp, J and Middlecoff, J and Skamarock, W},
  booktitle={Developments in Teracomputing: Proceedings of the Ninth ECMWF Workshop on the use of high performance computing in meteorology},
  volume={1},
  pages={269--276},
  year={2001},
  organization={World Scientific}
}

@article{barnett2005potential,
  title={Potential impacts of a warming climate on water availability in snow-dominated regions},
  author={Barnett, Tim P and Adam, Jennifer C and Lettenmaier, Dennis P},
  journal={Nature},
  volume={438},
  number={7066},
  pages={303--309},
  year={2005},
}

@article{knowles2006trends,
  title={Trends in snowfall versus rainfall in the western United States},
  author={Knowles, Noah and Dettinger, Michael D and Cayan, Daniel R},
  journal={Journal of Climate},
  volume={19},
  pages={4545--4559},
  year={2006}
}

@article{stewart2009changes,
  title={Changes in snowpack and snowmelt runoff for key mountain regions},
  author={Stewart, Iris T},
  journal={Hydrological Processes},
  volume={23},
  pages={78--94},
  year={2009},
}

@article{dyer2006spatial,
  title={Spatial variability and trends in observed snow depth over North America},
  author={Dyer, Jamie L and Mote, Thomas L},
  journal={Geophysical Research Letters},
  volume={33},
  year={2006},
}

@article{maurer2007detection,
  title={Detection, attribution, and sensitivity of trends toward earlier streamflow in the Sierra Nevada},
  author={Maurer, EP and Stewart, IT and Bonfils, C and Duffy, PB and Cayan, D},
  journal={Journal of Geophysical Research: Atmospheres},
  volume={112},
  year={2007},
}

@article{dettinger1995large,
  title={Large-scale atmospheric forcing of recent trends toward early snowmelt runoff in California},
  author={Dettinger, Michael D and Cayan, Daniel R},
  journal={Journal of Climate},
  volume={8},
  pages={606--623},
  year={1995}
}

@article{zarzycki2014localizedgrid,
  title={Assessing the model climatology of a multidecadal variable-resolution global atmospheric general circulation model simulation},
  author={Zarzycki, Colin M and Jablonowski, Christiane and Thatcher, Diana R and Taylor, Mark A},
  journal={Journal of Climate},
  year={2014},
  NOTE = {in review}
}

@article {JAME20104,
author = {Zarzycki, Colin M. and Jablonowski, Christiane},
title = {A multidecadal simulation of Atlantic tropical cyclones using a variable-resolution global atmospheric general circulation model},
journal = {Journal of Advances in Modeling Earth Systems},
year = {2014},
}

@article{zarzycki2014using,
  title={Using Variable-Resolution Meshes to Model Tropical Cyclones in the Community Atmosphere Model},
  author={Zarzycki, Colin M and Jablonowski, Christiane and Taylor, Mark A},
  journal={Monthly Weather Review},
  volume={142},
  pages={1221--1239},
  year={2014}
}

@article{guan20132010,
  title={The 2010/2011 snow season in California's Sierra Nevada: Role of atmospheric rivers and modes of large-scale variability},
  author={Guan, Bin and Molotch, Noah P and Waliser, Duane E and Fetzer, Eric J and Neiman, Paul J},
  journal={Water Resources Research},
  volume={49},
  pages={6731--6743},
  year={2013},
}

@article{fang2014,
year={2014},
journal={Advances in Atmospheric Sciences},
volume={31},
title={The impact of global warming on the pacific decadal oscillation and the possible mechanism},
author={Fang, Changfang and Wu, Lixin and Zhang, Xiang},
pages={118-130},
}

@article{cayan1999enso,
  title={ENSO and Hydrologic Extremes in the Western United States*},
  author={Cayan, Daniel R and Redmond, Kelly T and Riddle, Laurence G},
  journal={Journal of Climate},
  volume={12},
  pages={2881--2893},
  year={1999}
}

@article{yongjiu1997land,
  title={A land surface model (IAP94) for climate studies part I: formulation and validation in off-line experiments},
  author={Yongjiu, Dai and Qingcun, Zeng},
  journal={Advances in Atmospheric Sciences},
  volume={14},
  pages={433--460},
  year={1997},
}

@techreport{jordan1991one,
  title={A one-dimensional temperature model for a snow cover: Technical documentation for SNTHERM. 89.},
  author={Jordan, Rachel},
  year={1991},
  institution={DTIC Document}
}

@article{anderson1976point,
  title={A point of energy and mass balance model of snow cover},
  author={Anderson, Eric A},
  journal={NOAA Tech. Rep. NWS},
  volume={19},
  pages={1--150},
  year={1976}
}

@article{lawrence2011parameterization,
  title={Parameterization improvements and functional and structural advances in version 4 of the Community Land Model},
  author={Lawrence, David M and Oleson, Keith W and Flanner, Mark G and Thornton, Peter E and Swenson, Sean C and Lawrence, Peter J and Zeng, Xubin and Yang, Zong-Liang and Levis, Samuel and Sakaguchi, Koichi and others},
  journal={Journal of Advances in Modeling Earth Systems},
  volume={3},
  year={2011},
}

@article{salzmann2012assessing,
  title={Assessing the performance of multiple regional climate model simulations for seasonal mountain snow in the upper Colorado River basin},
  author={Salzmann, Nadine and Mearns, Linda O},
  journal={Journal of Hydrometeorology},
  volume={13},
  pages={539--556},
  year={2012}
}

@MISC{NCDC2014,
AUTHOR = {{National Climatic Data Center (NCDC)}},
YEAR = {cited 2014},
TITLE = {{Arctic Oscillation (AO)}},
NOTE = {[Available online at \url{http://www.ncdc.noaa.gov/teleconnections/ao.php}]}}

@MISC{CDFA2012,
AUTHOR = {{California Department of Food and Agriculture (CDFA)}},
YEAR = {cited 2014},
TITLE = {{California Agricultural Production Statistics}},
NOTE = {[Available online at \url{http://www.cdfa.ca.gov/statistics/}]}}

@MISC{NCAR2009,
AUTHOR = {{National Center for Atmospheric Research (NCAR)}}, 
YEAR = {cited 2014}, 
TITLE = {{National Center for Atmospheric Research 2009-2014 Strategic Plan. Technical
Report.}},
NOTE = {[Available online at \url{http://ncar.ucar.edu/documents/strategic-plan/2009/}]}}

@MISC{CEC2012,
AUTHOR = {{California Energy Commission (CEC)}},
YEAR = {cited 2014},
TITLE = {{Chapter 12 - Hydro Power}},
NOTE = {[Available online at \url{http://www.energyquest.ca.gov/story/chapter12.html}]}}

@article{bales2006mountain,
  title={Mountain hydrology of the western United States},
  author={Bales, Roger C and Molotch, Noah P and Painter, Thomas H and Dettinger, Michael D and Rice, Robert and Dozier, Jeff},
  journal={Water Resources Research},
  volume={42},
  pages={W08432},
  year={2006},
}

@article{pierce2013uneven,
  title={The uneven response of different snow measures to human-induced climate warming},
  author={Pierce, David W and Cayan, Daniel R},
  journal={Journal of Climate},
  volume={26},
  pages={4148--4167},
  year={2013}
}

@article{rupp2013detection,
  title={Detection and attribution of observed changes in Northern Hemisphere spring snow cover},
  author={Rupp, David E and Mote, Philip W and Bindoff, Nathaniel L and Stott, Peter A and Robinson, David A},
  journal={Journal of Climate},
  volume={26},
  pages={6904--6914},
  year={2013}
}

@article{cayan1996interannual,
  title={Interannual climate variability and snowpack in the western United States},
  author={Cayan, Daniel R},
  journal={Journal of Climate},
  volume={9},
  pages={928--948},
  year={1996}
}

@article{dettinger1998north,
  title={North-south precipitation patterns in western North America on interannual-to-decadal timescales},
  author={Dettinger, Michael D and Cayan, Daniel R and Diaz, Henry F and Meko, David M},
  journal={Journal of Climate},
  volume={11},
  pages={3095--3111},
  year={1998}
}

@article{Wise01082012,
author = {Wise, Erika K.}, 
title = {Hydroclimatology of the US Intermountain West},
volume = {36}, 
pages = {458-479}, 
year = {2012}, 
journal = {Progress in Physical Geography} 
}

@article{kapnick_causes_2012,
	title = {Causes of recent changes in western North American snowpack},
	volume = {38},
	journal = {Climate Dynamics},
	author = {Kapnick, Sarah and Hall, Alex},
	year = {2012},
	pages = {1885--1899},
}

@article{dettinger_climate_2011,
	title = {Climate Change, Atmospheric Rivers, and Floods in California - A Multimodel Analysis of Storm Frequency and Magnitude Changes},
	volume = {47},
	journal = {{JAWRA} Journal of the American Water Resources Association},
	author = {Dettinger, Michael},
	year = {2011},
	pages = {514--523},
}

@article{kapnick_observed_2010,
	title = {Observed Climateâ€“Snowpack Relationships in California and their Implications for the Future},
	volume = {23},
	journal = {Journal of Climate},
	author = {Kapnick, Sarah and Hall, Alex},
	year = {2010},
	pages = {3446--3456},
}

@article{caldwell_california_2010,
	title = {California Wintertime Precipitation Bias in Regional and Global Climate Models},
	volume = {49},
	journal = {Journal of Applied Meteorology and Climatology},
	author = {Caldwell, Peter},
	year = {2010},
	pages = {2147--2158},
}

@article{mote_declining_2005,
	title = {{DECLINING} {MOUNTAIN} {SNOWPACK} {IN} {WESTERN} {NORTH} {AMERICA}*},
	volume = {86},
	journal = {Bulletin of the American Meteorological Society},
	author = {Mote, Philip W. and Hamlet, Alan F. and Clark, Martyn P. and Lettenmaier, Dennis P.},
	year = {2005},
	pages = {39--49},
}

@article{lavers2012detection,
  title="{The detection of atmospheric rivers in atmospheric reanalyses and their links to British winter floods and the large-scale climatic circulation}",
  author={Lavers, David A and Villarini, Gabriele and Allan, Richard P and Wood, Eric F and Wade, Andrew J},
  journal={Journal of Geophysical Research: Atmospheres},
  volume={117},
  number={D20},
  year={2012},
  publisher={Wiley Online Library}
}

@article{dettinger2011atmospheric,
  title="{Atmospheric rivers, floods and the water resources of California}",
  author={Dettinger, Michael D and Ralph, Fred Martin and Das, Tapash and Neiman, Paul J and Cayan, Daniel R},
  journal={Water},
  volume={3},
  number={2},
  pages={445--478},
  year={2011},
  publisher={Molecular Diversity Preservation International}
}

@article{ralph2004satellite,
  title="{Satellite and CALJET aircraft observations of atmospheric rivers over the eastern North Pacific Ocean during the winter of 1997/98}",
  author={Ralph, F Martin and Neiman, Paul J and Wick, Gary A},
  journal={Monthly Weather Review},
  volume={132},
  number={7},
  pages={1721--1745},
  year={2004}
}

@article{neiman2008meteorological,
  title="{Meteorological characteristics and overland precipitation impacts of atmospheric rivers affecting the west coast of North America based on eight years of SSM/I satellite observations}",
  author={Neiman, Paul J and Ralph, F Martin and Wick, Gary A and Lundquist, Jessica D and Dettinger, Michael D},
  journal={Journal of Hydrometeorology},
  volume={9},
  number={1},
  pages={22--47},
  year={2008}
}

@article{guan2010extreme,
  title="{Extreme snowfall events linked to atmospheric rivers and surface air temperature via satellite measurements}",
  author={Guan, Bin and Molotch, Noah P and Waliser, Duane E and Fetzer, Eric J and Neiman, Paul J},
  journal={Geophysical Research Letters},
  volume={37},
  number={20},
  year={2010},
  publisher={Wiley Online Library}
}

@ARTICLE{skamarock2012mpas,
   author = {{Skamarock}, W.~C. and {Klemp}, J.~B. and {Duda}, M.~G. and 
	{Fowler}, L.~D. and {Park}, S.-H. and {Ringler}, T.~D.},
    title = "{A multiscale nonhydrostatic atmospheric model using centroidal Voronoi tesselations and C-grid staggering}",
  journal = {Monthly Weather Review},
     year = 2012,
   volume = 140,
    pages = {3090-3105},
      doi = {10.1175/MWR-D-11-00215.1}
}

@ARTICLE{LMHSJL2013MWR,
  title={A Two-Way Nested Global-Regional Dynamical Core on the Cubed-Sphere Grid},
  author={Harris, Lucas M and Lin, Shian-Jiann},
  journal={Mon. Weather Rev.},
  volume={141},
  number={1},
  pages={283--306},
  year={2013}
}

@article{CMZCJMAT2013MWR,
  title={Using Variable Resolution Meshes to Model Tropical Cyclones in the {C}ommunity {A}tmosphere {M}odel},
  author={Zarzycki, Colin M and Jablonowski, Christiane and Taylor, Mark A},
  journal={Mon. Weather Rev.},
  year={2013},
  note={In press}
}

@article{mccorquodale2014adaptive,
  author = {McCorquodale, P. and P.~A. Ullrich and H. Johansen and P. Colella},
  year = {2014},
  title = "{An adaptive multiblock high-order finite-volume method for solving the shallow-water equations on the sphere}",
  journal = {Comm. Appl. Math. Comp. Sci.},
  note = {Under revision}
} 

@article{zarzycki2014multidecadal,
  title="{A multidecadal simulation of Atlantic tropical cyclones using a variable-resolution global atmospheric general circulation model}",
  author={Zarzycki, Colin M and Jablonowski, Christiane},
  journal={J. Adv. Model. Earth Systems},
  volume={6},
  number={3},
  pages={805--828},
  year={2014},
  publisher={Wiley Online Library}
}

@article{rauscher2013exploring,
  title={Exploring a Global Multiresolution Modeling Approach Using Aquaplanet Simulations*},
  author={Rauscher, Sara A and Ringler, Todd D and Skamarock, William C and Mirin, Arthur A},
  journal={J. Climate},
  volume={26},
  number={8},
  pages={2432--2452},
  year={2013}
}

@article{rauscher2014impact,
  title={Impact of Variable-Resolution Meshes on Midlatitude Baroclinic Eddies Using {CAM-MPAS-A}},
  author={Rauscher, Sara A and Ringler, Todd D},
  journal={Mon. Weather Rev.},
  volume={142},
  number={11},
  pages={4256--4268},
  year={2014}
}

@article{zarzycki2014aquaplanet,
  title="{Aquaplanet Experiments Using CAM's Variable Resolution Dynamical Core}",
  author={Zarzycki, Colin M and Levy, Michael N and Jablonowski, Christiane and Overfelt, James R and Taylor, Mark A and Ullrich, Paul A},
  journal={J. Climate},
  volume={27},
  pages={5481--5503},
  year={2014}
}

@ARTICLE{JTTDRWCSJBK2009JCP,
  title={Numerical representation of geostrophic modes on arbitrarily structured {C}-grids},
  author={Thuburn, J. and Ringler, T.D. and Skamarock, W.C. and Klemp, J.B.},
  journal={J. Comput. Phys.},
  volume={228},
  number={22},
  pages={8321--8335},
  year={2009},
  publisher={Elsevier}
}
